@incollection{CURRY198085,
title = {Some Philosophical Aspects of Combinatory Logic},
editor = {Jon Barwise and H. Jerome Keisler and Kenneth Kunen},
series = {Studies in Logic and the Foundations of Mathematics},
publisher = {Elsevier},
volume = {101},
pages = {85-101},
year = {1980},
booktitle = {The Kleene Symposium},
issn = {0049-237X},
doi = {https://doi.org/10.1016/S0049-237X(08)71254-0},
url = {https://www.sciencedirect.com/science/article/pii/S0049237X08712540},
author = {Haskell B. Curry},
abstract = {This is a discussion of some philosophical criticisms of combinatory logic, preceded by a brief survey to give background.}
}